# Add paper referencees using bibtex format. This is a useful tool where
# you can insert the paper's DOI number and get the bibtex:
#
#	http://www.doi2bib.org/#/doi/10.1128/aem.01541-09
#

@article{Elias2019,
  doi = {10.1007/s40265-019-01110-3},
  url = {https://doi.org/10.1007/s40265-019-01110-3},
  year = {2019},
  month = apr,
  publisher = {Springer Science and Business Media {LLC}},
  volume = {79},
  number = {7},
  pages = {715--731},
  author = {Evan Elias and Laura E. Targownik},
  title = {The Clinician's Guide to Proton Pump Inhibitor Related Adverse Events},
  journal = {Drugs}
}

@article{Freedberg2015,
  doi = {10.1053/j.gastro.2015.06.043},
  url = {https://doi.org/10.1053/j.gastro.2015.06.043},
  year = {2015},
  month = oct,
  publisher = {Elsevier {BV}},
  volume = {149},
  number = {4},
  pages = {883--885.e9},
  author = {Daniel E. Freedberg and Nora C. Toussaint and Sway P. Chen and Adam J. Ratner and Susan Whittier and Timothy C. Wang and Harris H. Wang and Julian A. Abrams},
  title = {Proton Pump Inhibitors Alter Specific Taxa in the Human Gastrointestinal Microbiome: A Crossover Trial},
  journal = {Gastroenterology}
}

@article{hung2015proton,
  title={Proton-pump inhibitor exposure aggravates Clostridium difficile--associated colitis: evidence from a mouse model},
  author={Hung, Yuan-Pin and Ko, Wen-Chien and Chou, Po-Han and Chen, Yi-Hsuan and Lin, Hsiao-Ju and Liu, Ya-Hui and Tsai, Hung-Wen and Lee, Jen-Chieh and Tsai, Pei-Jane},
  journal={The Journal of infectious diseases},
  volume={212},
  number={4},
  pages={654--663},
  year={2015},
  publisher={Oxford University Press}
}

@article{Imhann2015,
  doi = {10.1136/gutjnl-2015-310376},
  url = {https://doi.org/10.1136/gutjnl-2015-310376},
  year = {2015},
  month = dec,
  publisher = {{BMJ}},
  volume = {65},
  number = {5},
  pages = {740--748},
  author = {Floris Imhann and Marc Jan Bonder and Arnau Vich Vila and Jingyuan Fu and Zlatan Mujagic and Lisa Vork and Ettje F Tigchelaar and Soesma A Jankipersadsing and Maria Carmen Cenit and Hermie J M Harmsen and Gerard Dijkstra and Lude Franke and Ramnik J Xavier and Daisy Jonkers and Cisca Wijmenga and Rinse K Weersma and Alexandra Zhernakova},
  title = {Proton pump inhibitors affect the gut microbiome},
  journal = {Gut}
}

@article{Imhann2017,
  doi = {10.1080/19490976.2017.1284732},
  url = {https://doi.org/10.1080/19490976.2017.1284732},
  year = {2017},
  month = jan,
  publisher = {Informa {UK} Limited},
  volume = {8},
  number = {4},
  pages = {351--358},
  author = {Floris Imhann and Arnau Vich Vila and Marc Jan Bonder and Ailine G. Lopez Manosalva and Debby P.Y. Koonen and Jingyuan Fu and Cisca Wijmenga and Alexandra Zhernakova and Rinse K. Weersma},
  title = {The influence of proton pump inhibitors and other commonly used medication on the gut microbiota},
  journal = {Gut Microbes}
}

@article{Jenior2017,
  doi = {10.1128/msystems.00063-17},
  url = {https://doi.org/10.1128/msystems.00063-17},
  year = {2017},
  month = jul,
  publisher = {American Society for Microbiology},
  volume = {2},
  number = {4},
  author = {Matthew L. Jenior and Jhansi L. Leslie and Vincent B. Young and Patrick D. Schloss},
  editor = {Peter J. Turnbaugh},
  title = {Clostridium difficile
                        Colonizes Alternative Nutrient Niches during Infection across Distinct Murine Gut Microbiomes},
  journal = {{mSystems}}
}

@article{Jenior2018,
  doi = {10.1128/msphere.00261-18},
  url = {https://doi.org/10.1128/msphere.00261-18},
  year = {2018},
  month = jun,
  publisher = {American Society for Microbiology},
  volume = {3},
  number = {3},
  author = {Matthew L. Jenior and Jhansi L. Leslie and Vincent B. Young and Patrick D. Schloss},
  editor = {Susannah Green Tringe},
  title = {Clostridium difficile
                        Alters the Structure and Metabolism of Distinct Cecal Microbiomes during Initial Infection To Promote Sustained Colonization},
  journal = {{mSphere}}
}

@article{Kaur2007,
  doi = {10.1111/j.1348-0421.2007.tb04016.x},
  url = {https://doi.org/10.1111/j.1348-0421.2007.tb04016.x},
  year = {2007},
  month = dec,
  publisher = {Wiley},
  volume = {51},
  number = {12},
  pages = {1209--1214},
  author = {Sukhminderjit Kaur and Chetana Vaishnavi and Kaushal Kishore Prasad and Pallab Ray and Rakesh Kochhar},
  title = {Comparative Role of Antibiotic and Proton Pump Inhibitor in {ExperimentalClostridium} {difficileInfection} in Mice},
  journal = {Microbiology and Immunology}
}

@article{kaur2011effect,
  title={Effect of Lactobacillus acidophilus \& epidermal growth factor on experimentally induced Clostridium difficile infection},
  author={Kaur, Sukhminderjit and Vaishnavi, Chetana and Prasad, Kaushal Kishor and Ray, Pallab and Kochhar, Rakesh},
  journal={The Indian journal of medical research},
  volume={133},
  number={4},
  pages={434},
  year={2011},
  publisher={Wolters Kluwer--Medknow Publications}
}

@article{Kozich2013,
  doi = {10.1128/aem.01043-13},
  url = {https://doi.org/10.1128/aem.01043-13},
  year = {2013},
  month = jun,
  publisher = {American Society for Microbiology},
  volume = {79},
  number = {17},
  pages = {5112--5120},
  author = {James J. Kozich and Sarah L. Westcott and Nielson T. Baxter and Sarah K. Highlander and Patrick D. Schloss},
  title = {Development of a Dual-Index Sequencing Strategy and Curation Pipeline for Analyzing Amplicon Sequence Data on the {MiSeq} Illumina Sequencing Platform},
  journal = {Applied and Environmental Microbiology}
}

@article{LlornsRico2019,
  doi = {10.1038/d41586-019-01591-y},
  url = {https://doi.org/10.1038/d41586-019-01591-y},
  year = {2019},
  month = may,
  publisher = {Springer Science and Business Media {LLC}},
  volume = {569},
  number = {7758},
  pages = {632--633},
  author = {Ver{\'{o}}nica Llor{\'{e}}ns-Rico and Jeroen Raes},
  title = {Tracking humans and microbes},
  journal = {Nature}
}

@article{Llorente2017,
  doi = {10.1038/s41467-017-00796-x},
  url = {https://doi.org/10.1038/s41467-017-00796-x},
  year = {2017},
  month = oct,
  publisher = {Springer Nature},
  volume = {8},
  number = {1},
  author = {Cristina Llorente and Peter Jepsen and Tatsuo Inamine and Lirui Wang and Sena Bluemel and Hui J. Wang and Rohit Loomba and Jasmohan S. Bajaj and Mitchell L. Schubert and Masoumeh Sikaroodi and Patrick M. Gillevet and Jun Xu and Tatiana Kisseleva and Samuel B. Ho and Jessica DePew and Xin Du and Henrik T. S{\o}rensen and Hendrik Vilstrup and Karen E. Nelson and David A. Brenner and Derrick E. Fouts and Bernd Schnabl},
  title = {Gastric acid suppression promotes alcoholic liver disease by inducing overgrowth of intestinal Enterococcus},
  journal = {Nature Communications}
}

@article{maier2018extensive,
  title={Extensive impact of non-antibiotic drugs on human gut bacteria},
  author={Maier, Lisa and Pruteanu, Mihaela and Kuhn, Michael and Zeller, Georg and Telzerow, Anja and Anderson, Exene Erin and Brochado, Ana Rita and Fernandez, Keith Conrad and Dose, Hitomi and Mori, Hirotada and others},
  journal={Nature},
  volume={555},
  number={7698},
  pages={623},
  year={2018},
  publisher={Nature Publishing Group}
}

@article{Maseda2019,
  doi = {10.1128/mbio.02282-18},
  url = {https://doi.org/10.1128/mbio.02282-18},
  year = {2019},
  month = jan,
  publisher = {American Society for Microbiology},
  volume = {10},
  number = {1},
  author = {Damian Maseda and Joseph P. Zackular and Bruno Trindade and Leslie Kirk and Jennifer Lising Roxas and Lisa M. Rogers and Mary K. Washington and Liping Du and Tatsuki Koyama and V. K. Viswanathan and Gayatri Vedantam and Patrick D. Schloss and Leslie J. Crofford and Eric P. Skaar and David M. Aronoff},
  editor = {Jimmy D. Ballard},
  title = {Nonsteroidal Anti-inflammatory Drugs Alter the Microbiota and Exacerbate Clostridium difficile Colitis while Dysregulating the Inflammatory Response},
  journal = {{mBio}}
}

@article{minalyan2017gastric,
  title={The gastric and intestinal microbiome: role of proton pump inhibitors},
  author={Minalyan, Artem and Gabrielyan, Lilit and Scott, David and Jacobs, Jonathan and Pisegna, Joseph R},
  journal={Current gastroenterology reports},
  volume={19},
  number={8},
  pages={42},
  year={2017},
  publisher={Springer}
}

@article{Naito2018,
  doi = {10.1159/000481813},
  url = {https://doi.org/10.1159/000481813},
  year = {2018},
  publisher = {S. Karger {AG}},
  volume = {97},
  number = {2},
  pages = {195--204},
  author = {Yuji Naito and Kaori Kashiwagi and Tomohisa Takagi and Akira Andoh and Ryo Inoue},
  title = {Intestinal Dysbiosis Secondary to Proton-Pump Inhibitor Use},
  journal = {Digestion}
}

@inproceedings{nehra2018proton,
  title={Proton pump inhibitors: review of emerging concerns},
  author={Nehra, Avinash K and Alexander, Jeffrey A and Loftus, Conor G and Nehra, Vandana},
  booktitle={Mayo Clinic Proceedings},
  volume={93},
  number={2},
  pages={240--246},
  year={2018},
  organization={Elsevier}
}

@article{Schloss2009,
  doi = {10.1128/aem.01541-09},
  url = {https://doi.org/10.1128/aem.01541-09},
  year = {2009},
  month = oct,
  publisher = {American Society for Microbiology},
  volume = {75},
  number = {23},
  pages = {7537--7541},
  author = {P. D. Schloss and S. L. Westcott and T. Ryabin and J. R. Hall and M. Hartmann and E. B. Hollister and R. A. Lesniewski and B. B. Oakley and D. H. Parks and C. J. Robinson and J. W. Sahl and B. Stres and G. G. Thallinger and D. J. Van Horn and C. F. Weber},
  title = {Introducing mothur: Open-Source,  Platform-Independent,  Community-Supported Software for Describing and Comparing Microbial Communities},
  journal = {Applied and Environmental Microbiology}
}

@article{Schubert2015,
  doi = {10.1128/mbio.00974-15},
  url = {https://doi.org/10.1128/mbio.00974-15},
  year = {2015},
  month = jul,
  publisher = {American Society for Microbiology},
  volume = {6},
  number = {4},
  author = {Alyxandria M. Schubert and Hamide Sinani and Patrick D. Schloss},
  editor = {Claire M. Fraser},
  title = {Antibiotic-Induced Alterations of the Murine Gut Microbiota and Subsequent Effects on Colonization Resistance against Clostridium difficile},
  journal = {{mBio}}
}

@article{Singh2018,
  doi = {10.1002/ncp.10181},
  url = {https://doi.org/10.1002/ncp.10181},
  year = {2018},
  month = aug,
  publisher = {Wiley},
  volume = {33},
  number = {5},
  pages = {614--624},
  author = {Amandeep Singh and Gail A. Cresci and Donald F. Kirby},
  title = {Proton Pump Inhibitors: Risks and Rewards and Emerging Consequences to the Gut Microbiome},
  journal = {Nutrition in Clinical Practice}
}

@article{tariq2017association,
  title={Association of gastric acid suppression with recurrent Clostridium difficile infection: a systematic review and meta-analysis},
  author={Tariq, Raseen and Singh, Siddharth and Gupta, Arjun and Pardi, Darrell S and Khanna, Sahil},
  journal={JAMA internal medicine},
  volume={177},
  number={6},
  pages={784--791},
  year={2017},
  publisher={American Medical Association}
}

@article{Yasutomi2018,
  doi = {10.1007/s10620-017-4905-3},
  url = {https://doi.org/10.1007/s10620-017-4905-3},
  year = {2018},
  month = jan,
  publisher = {Springer Nature},
  volume = {63},
  number = {4},
  pages = {881--889},
  author = {Eiichiro Yasutomi and Namiko Hoshi and Soichiro Adachi and Takafumi Otsuka and Lingling Kong and Yuna Ku and Haruka Yamairi and Jun Inoue and Tsukasa Ishida and Daisuke Watanabe and Makoto Ooi and Masaru Yoshida and Tomoya Tsukimi and Shinji Fukuda and Takeshi Azuma},
  title = {Proton Pump Inhibitors Increase the Susceptibility of Mice to Oral Infection with Enteropathogenic Bacteria},
  journal = {Digestive Diseases and Sciences}
}

@article{Zimmermann2019,
  doi = {10.1038/s41586-019-1291-3},
  url = {https://doi.org/10.1038/s41586-019-1291-3},
  year = {2019},
  month = jun,
  publisher = {Springer Science and Business Media {LLC}},
  author = {Michael Zimmermann and Maria Zimmermann-Kogadeeva and Rebekka Wegmann and Andrew L. Goodman},
  title = {Mapping human microbiome drug metabolism by gut bacteria and their genes},
  journal = {Nature}
}




